5180.000000 0.000210
5190.000000 0.000220
5200.000000 0.000230
5210.000000 0.000280
5220.000000 0.000270
5230.000000 0.000280
5240.000000 0.000300
5250.000000 0.000330
5260.000000 0.000360
5270.000000 0.000400
5280.000000 0.000430
5290.000000 0.000420
5300.000000 0.000420
5310.000000 0.000500
5320.000000 0.000580
5330.000000 0.000640
5340.000000 0.000710
5350.000000 0.000790
5360.000000 0.000870
5370.000000 0.000960
5380.000000 0.001040
5390.000000 0.001150
5400.000000 0.001340
5410.000000 0.001460
5420.000000 0.001670
5430.000000 0.001890
5440.000000 0.002120
5450.000000 0.002410
5460.000000 0.002700
5470.000000 0.003030
5480.000000 0.003350
5490.000000 0.003880
5500.000000 0.004420
5510.000000 0.005730
5520.000000 0.005310
5530.000000 0.005960
5540.000000 0.006610
5550.000000 0.007490
5560.000000 0.008360
5570.000000 0.009550
5580.000000 0.010750
5590.000000 0.019310
5600.000000 0.027840
5610.000000 0.025760
5620.000000 0.023680
5630.000000 0.040390
5640.000000 0.057100
5650.000000 0.110810
5660.000000 0.164620
5670.000000 0.248030
5680.000000 0.330400
5690.000000 0.368010
5700.000000 0.407150
5710.000000 0.414380
5720.000000 0.418380
5730.000000 0.420870
5740.000000 0.422710
5750.000000 0.424060
5760.000000 0.426750
5770.000000 0.428920
5780.000000 0.431110
5790.000000 0.432980
5800.000000 0.435540
5810.000000 0.439140
5820.000000 0.442760
5830.000000 0.444270
5840.000000 0.445780
5850.000000 0.445940
5860.000000 0.446100
5870.000000 0.444210
5880.000000 0.440970
5890.000000 0.437670
5900.000000 0.438450
5910.000000 0.446400
5920.000000 0.443300
5930.000000 0.447820
5940.000000 0.448220
5950.000000 0.445930
5960.000000 0.449150
5970.000000 0.448190
5980.000000 0.449980
5990.000000 0.451870
6000.000000 0.453750
6010.000000 0.455750
6020.000000 0.457130
6030.000000 0.458570
6040.000000 0.460010
6050.000000 0.460950
6060.000000 0.461200
6070.000000 0.461470
6080.000000 0.461750
6090.000000 0.462400
6100.000000 0.463760
6110.000000 0.468330
6120.000000 0.467060
6130.000000 0.469410
6140.000000 0.471760
6150.000000 0.472340
6160.000000 0.473620
6170.000000 0.474400
6180.000000 0.475900
6190.000000 0.476450
6200.000000 0.477270
6210.000000 0.477170
6220.000000 0.477070
6230.000000 0.478320
6240.000000 0.478840
6250.000000 0.479060
6260.000000 0.479270
6270.000000 0.478490
6280.000000 0.464040
6290.000000 0.474790
6300.000000 0.477350
6310.000000 0.480290
6320.000000 0.481770
6330.000000 0.484620
6340.000000 0.486020
6350.000000 0.487840
6360.000000 0.490390
6370.000000 0.492110
6380.000000 0.494570
6390.000000 0.495500
6400.000000 0.497170
6410.000000 0.498550
6420.000000 0.499930
6430.000000 0.499570
6440.000000 0.499940
6450.000000 0.499770
6460.000000 0.497410
6470.000000 0.496470
6480.000000 0.495520
6490.000000 0.497970
6500.000000 0.501880
6510.000000 0.506060
6520.000000 0.499220
6530.000000 0.503930
6540.000000 0.504990
6550.000000 0.505460
6560.000000 0.507410
6570.000000 0.508660
6580.000000 0.510650
6590.000000 0.512070
6600.000000 0.512760
6610.000000 0.515690
6620.000000 0.514810
6630.000000 0.513360
6640.000000 0.512650
6650.000000 0.512960
6660.000000 0.514010
6670.000000 0.515890
6680.000000 0.517030
6690.000000 0.520450
6700.000000 0.521270
6710.000000 0.521180
6720.000000 0.521840
6730.000000 0.521590
6740.000000 0.522080
6750.000000 0.521510
6760.000000 0.521690
6770.000000 0.521640
6780.000000 0.522320
6790.000000 0.522580
6800.000000 0.523580
6810.000000 0.525440
6820.000000 0.525630
6830.000000 0.525990
6840.000000 0.525610
6850.000000 0.525450
6860.000000 0.523800
6870.000000 0.453980
6880.000000 0.475550
6890.000000 0.470030
6900.000000 0.480650
6910.000000 0.500440
6920.000000 0.505730
6930.000000 0.508390
6940.000000 0.507350
6950.000000 0.511480
6960.000000 0.513390
6970.000000 0.521010
6980.000000 0.519020
6990.000000 0.514220
7000.000000 0.516240
7010.000000 0.517140
7020.000000 0.521020
7030.000000 0.525740
7040.000000 0.525220
7050.000000 0.519690
7060.000000 0.517880
7070.000000 0.513690
7080.000000 0.508750
7090.000000 0.475600
7100.000000 0.465840
7110.000000 0.473250
7120.000000 0.480720
7130.000000 0.440970
7140.000000 0.402000
7150.000000 0.313050
7160.000000 0.224290
7170.000000 0.149390
7180.000000 0.079760
7190.000000 0.067630
7200.000000 0.055520
7210.000000 0.093340
7220.000000 0.007810
7230.000000 0.006450
7240.000000 0.005040
7250.000000 0.003450
7260.000000 0.001850
7270.000000 0.001390
7280.000000 0.000910
7290.000000 0.000850
7300.000000 0.000780
7310.000000 0.000950
7320.000000 0.000780
7330.000000 0.000560
7340.000000 0.000330
7350.000000 0.000310
7360.000000 0.000290
7370.000000 0.000290
7380.000000 0.000290
7390.000000 0.000340
7400.000000 0.000390
7410.000000 0.000470
7420.000000 0.000260
7430.000000 0.000260
7440.000000 0.000250
7450.000000 0.000260
7460.000000 0.000260
7470.000000 0.000260
7480.000000 0.000250
7490.000000 0.000360
7500.000000 0.000300
7510.000000 0.000360
7520.000000 0.000360
7530.000000 0.000360
7540.000000 0.000360
7550.000000 0.000350
7560.000000 0.000350
7570.000000 0.000350
7580.000000 0.000350
7590.000000 0.000320
7600.000000 0.000150
7610.000000 0.000130
7620.000000 0.000230
7630.000000 0.000200
7640.000000 0.000210
7650.000000 0.000250
7660.000000 0.000300
7670.000000 0.000330
7680.000000 0.000340
7690.000000 0.000350
7700.000000 0.000350
7710.000000 0.000350
7720.000000 0.000350
7730.000000 0.000360
7740.000000 0.000360
7750.000000 0.000360
7760.000000 0.000370
7770.000000 0.000370
7780.000000 0.000380
7790.000000 0.000380
7800.000000 0.000380
7810.000000 0.000380
7820.000000 0.000380
7830.000000 0.000380
7840.000000 0.000380
7850.000000 0.000380
7860.000000 0.000380
7870.000000 0.000380
7880.000000 0.000380
7890.000000 0.000380
7900.000000 0.000380
7910.000000 0.000380
7920.000000 0.000380
7930.000000 0.000370
7940.000000 0.000370
7950.000000 0.000370
7960.000000 0.000360
7970.000000 0.000360
7980.000000 0.000380
7990.000000 0.000390
8000.000000 0.000380
8010.000000 0.000380
8020.000000 0.000370
8030.000000 0.000370
8040.000000 0.000360
8050.000000 0.000360
8060.000000 0.000360
8070.000000 0.000370
8080.000000 0.000370
8090.000000 0.000370
8100.000000 0.000370
8110.000000 0.000380
8120.000000 0.000380
8130.000000 0.000380
8140.000000 0.000380
8150.000000 0.000380
8160.000000 0.000370
8170.000000 0.000380
8180.000000 0.000380
8190.000000 0.000390
8200.000000 0.000400
8210.000000 0.000410
8220.000000 0.000400
8230.000000 0.000390
8240.000000 0.000410
8250.000000 0.000420
8260.000000 0.000420
8270.000000 0.000420
8280.000000 0.000420
8290.000000 0.000430
8300.000000 0.000430
8310.000000 0.000440
8320.000000 0.000440
8330.000000 0.000440
8340.000000 0.000440
8350.000000 0.000440
8360.000000 0.000440
8370.000000 0.000440
8380.000000 0.000450
8390.000000 0.000450
8400.000000 0.000450
8410.000000 0.000440
8420.000000 0.000440
8430.000000 0.000450
8440.000000 0.000460
8450.000000 0.000470
8460.000000 0.000480
8470.000000 0.000480
8480.000000 0.000490
8490.000000 0.000500
8500.000000 0.000510
8510.000000 0.000500
8520.000000 0.000500
8530.000000 0.000510
8540.000000 0.000510
8550.000000 0.000510
8560.000000 0.000520
8570.000000 0.000520
8580.000000 0.000530
8590.000000 0.000530
8600.000000 0.000540
8610.000000 0.000540
8620.000000 0.000540
8630.000000 0.000550
8640.000000 0.000550
8650.000000 0.000560
8660.000000 0.000570
8670.000000 0.000570
8680.000000 0.000580
8690.000000 0.000580
8700.000000 0.000590
8710.000000 0.000600
8720.000000 0.000610
8730.000000 0.000610
8740.000000 0.000620
8750.000000 0.000630
8760.000000 0.000640
8770.000000 0.000650
8780.000000 0.000660
8790.000000 0.000670
8800.000000 0.000660
8810.000000 0.000650
8820.000000 0.000640
8830.000000 0.000640
8840.000000 0.000630
8850.000000 0.000620
8860.000000 0.000610
8870.000000 0.000600
8880.000000 0.000600
8890.000000 0.000590
8900.000000 0.000590
8910.000000 0.000590
8920.000000 0.000580
8930.000000 0.000570
8940.000000 0.000570
8950.000000 0.000550
8960.000000 0.000540
8970.000000 0.000530
8980.000000 0.000520
8990.000000 0.000510
9000.000000 0.000510
9010.000000 0.000500
9020.000000 0.000480
9030.000000 0.000500
9040.000000 0.000520
9050.000000 0.000520
9060.000000 0.000520
9070.000000 0.000510
9080.000000 0.000510
9090.000000 0.000520
9100.000000 0.000520
9110.000000 0.000530
9120.000000 0.000540
9130.000000 0.000530
9140.000000 0.000540
9150.000000 0.000560
9160.000000 0.000560
9170.000000 0.000570
9180.000000 0.000580
9190.000000 0.000600
9200.000000 0.000620
9210.000000 0.000620
9220.000000 0.000620
9230.000000 0.000610
9240.000000 0.000590
9250.000000 0.000590
9260.000000 0.000580
9270.000000 0.000570
9280.000000 0.000550
9290.000000 0.000530
9300.000000 0.000500
9310.000000 0.000480
9320.000000 0.000460
9330.000000 0.000440
9340.000000 0.000420
9350.000000 0.000420
9360.000000 0.000440
9370.000000 0.000440
9380.000000 0.000480
9390.000000 0.000580
9400.000000 0.000560
9410.000000 0.000540
9420.000000 0.000510
9430.000000 0.000460
9440.000000 0.000450
9450.000000 0.000460
9460.000000 0.000460
9470.000000 0.000460
9480.000000 0.000470
9490.000000 0.000460
9500.000000 0.000450
9510.000000 0.000460
9520.000000 0.000430
9530.000000 0.000440
9540.000000 0.000460
9550.000000 0.000450
9560.000000 0.000450
9570.000000 0.000490
9580.000000 0.000490
9590.000000 0.000490
9600.000000 0.000500
9610.000000 0.000490
9620.000000 0.000490
9630.000000 0.000510
9640.000000 0.000510
9650.000000 0.000500
9660.000000 0.000500
9670.000000 0.000510
9680.000000 0.000530
9690.000000 0.000540
9700.000000 0.000540
9710.000000 0.000530
9720.000000 0.000530
9730.000000 0.000520
9740.000000 0.000510
9750.000000 0.000510
9760.000000 0.000410
9770.000000 0.000310
9780.000000 0.000210
9790.000000 0.000100
9800.000000 0.000000
9810.000000 0.000170
9820.000000 0.000340
9830.000000 0.000510
9840.000000 0.000510
9850.000000 0.000510
9860.000000 0.000510
9870.000000 0.000500
9880.000000 0.000500
9890.000000 0.000490
9900.000000 0.000490
9910.000000 0.000480
9920.000000 0.000480
9930.000000 0.000470
9940.000000 0.000470
9950.000000 0.000460
9960.000000 0.000460
9970.000000 0.000450
9980.000000 0.000450
9990.000000 0.000440
10000.000000 0.000430
10010.000000 0.000420
10020.000000 0.000410
10030.000000 0.000410
10040.000000 0.000400
10050.000000 0.000390
10060.000000 0.000380
10070.000000 0.000380
10080.000000 0.000370
10090.000000 0.000360
10100.000000 0.000350
10110.000000 0.000340
10120.000000 0.000330
10130.000000 0.000330
10140.000000 0.000320
10150.000000 0.000320
10160.000000 0.000320
10170.000000 0.000310
10180.000000 0.000310
10190.000000 0.000300
10200.000000 0.000300
10210.000000 0.000270
10220.000000 0.000270
10230.000000 0.000260
10240.000000 0.000260
10250.000000 0.000260
10260.000000 0.000260
10270.000000 0.000260
10280.000000 0.000260
10290.000000 0.000250
10300.000000 0.000230
10310.000000 0.000210
10320.000000 0.000200
